%YAML 1.1
%TAG !u! tag:unity3d.com,2011:
--- !u!1 &838736391499842237
GameObject:
  m_ObjectHideFlags: 0
  m_CorrespondingSourceObject: {fileID: 0}
  m_PrefabInstance: {fileID: 0}
  m_PrefabAsset: {fileID: 0}
  serializedVersion: 6
  m_Component:
  - component: {fileID: 3602529749219652052}
  - component: {fileID: 5925678042361972447}
  m_Layer: 0
  m_Name: SkillHitFactory
  m_TagString: Untagged
  m_Icon: {fileID: 0}
  m_NavMeshLayer: 0
  m_StaticEditorFlags: 0
  m_IsActive: 1
--- !u!4 &3602529749219652052
Transform:
  m_ObjectHideFlags: 0
  m_CorrespondingSourceObject: {fileID: 0}
  m_PrefabInstance: {fileID: 0}
  m_PrefabAsset: {fileID: 0}
  m_GameObject: {fileID: 838736391499842237}
  m_LocalRotation: {x: 0, y: 0, z: 0, w: 1}
  m_LocalPosition: {x: 0, y: 0, z: 0}
  m_LocalScale: {x: 1, y: 1, z: 1}
  m_Children: []
  m_Father: {fileID: 5989807027295751200}
  m_RootOrder: 1
  m_LocalEulerAnglesHint: {x: 0, y: 0, z: 0}
--- !u!114 &5925678042361972447
MonoBehaviour:
  m_ObjectHideFlags: 0
  m_CorrespondingSourceObject: {fileID: 0}
  m_PrefabInstance: {fileID: 0}
  m_PrefabAsset: {fileID: 0}
  m_GameObject: {fileID: 838736391499842237}
  m_Enabled: 1
  m_EditorHideFlags: 0
  m_Script: {fileID: 11500000, guid: 2ddf66aa92511874caf6c422a52eda8f, type: 3}
  m_Name: 
  m_EditorClassIdentifier: 
  _noEffectHitPrefab: {fileID: 129821446513855369, guid: d7d736ada60a7134a95286dfd575f63a,
    type: 3}
--- !u!1 &5989807027295751207
GameObject:
  m_ObjectHideFlags: 0
  m_CorrespondingSourceObject: {fileID: 0}
  m_PrefabInstance: {fileID: 0}
  m_PrefabAsset: {fileID: 0}
  serializedVersion: 6
  m_Component:
  - component: {fileID: 5989807027295751200}
  - component: {fileID: 5989807027295751201}
  m_Layer: 0
  m_Name: SkillVisualizer
  m_TagString: Untagged
  m_Icon: {fileID: 0}
  m_NavMeshLayer: 0
  m_StaticEditorFlags: 0
  m_IsActive: 1
--- !u!4 &5989807027295751200
Transform:
  m_ObjectHideFlags: 0
  m_CorrespondingSourceObject: {fileID: 0}
  m_PrefabInstance: {fileID: 0}
  m_PrefabAsset: {fileID: 0}
  m_GameObject: {fileID: 5989807027295751207}
  m_LocalRotation: {x: 0, y: 0, z: 0, w: 1}
  m_LocalPosition: {x: 0, y: 0, z: 0}
  m_LocalScale: {x: 1, y: 1, z: 1}
  m_Children:
  - {fileID: 5989807027905856150}
  - {fileID: 3602529749219652052}
  m_Father: {fileID: 0}
  m_RootOrder: 0
  m_LocalEulerAnglesHint: {x: 0, y: 0, z: 0}
--- !u!114 &5989807027295751201
MonoBehaviour:
  m_ObjectHideFlags: 0
  m_CorrespondingSourceObject: {fileID: 0}
  m_PrefabInstance: {fileID: 0}
  m_PrefabAsset: {fileID: 0}
  m_GameObject: {fileID: 5989807027295751207}
  m_Enabled: 1
  m_EditorHideFlags: 0
  m_Script: {fileID: 11500000, guid: 9ae590d2b7d13114ca5a3d1677fd78be, type: 3}
  m_Name: 
  m_EditorClassIdentifier: 
  _numbersAnimator: {fileID: 5989807027905856151}
  _hitFactory: {fileID: 5925678042361972447}
  _numberSkills: 000000000100000002000000
--- !u!1 &5989807027905856149
GameObject:
  m_ObjectHideFlags: 0
  m_CorrespondingSourceObject: {fileID: 0}
  m_PrefabInstance: {fileID: 0}
  m_PrefabAsset: {fileID: 0}
  serializedVersion: 6
  m_Component:
  - component: {fileID: 5989807027905856150}
  - component: {fileID: 5989807027905856151}
  m_Layer: 0
  m_Name: NumbersAnimator
  m_TagString: Untagged
  m_Icon: {fileID: 0}
  m_NavMeshLayer: 0
  m_StaticEditorFlags: 0
  m_IsActive: 1
--- !u!4 &5989807027905856150
Transform:
  m_ObjectHideFlags: 0
  m_CorrespondingSourceObject: {fileID: 0}
  m_PrefabInstance: {fileID: 0}
  m_PrefabAsset: {fileID: 0}
  m_GameObject: {fileID: 5989807027905856149}
  m_LocalRotation: {x: -0, y: -0, z: -0, w: 1}
  m_LocalPosition: {x: 0, y: 0, z: 0}
  m_LocalScale: {x: 1, y: 1, z: 1}
  m_Children: []
  m_Father: {fileID: 5989807027295751200}
  m_RootOrder: 0
  m_LocalEulerAnglesHint: {x: 0, y: 0, z: 0}
--- !u!114 &5989807027905856151
MonoBehaviour:
  m_ObjectHideFlags: 0
  m_CorrespondingSourceObject: {fileID: 0}
  m_PrefabInstance: {fileID: 0}
  m_PrefabAsset: {fileID: 0}
  m_GameObject: {fileID: 5989807027905856149}
  m_Enabled: 1
  m_EditorHideFlags: 0
  m_Script: {fileID: 11500000, guid: e3e3c70c394a15b4d9a20e19fec00a56, type: 3}
  m_Name: 
  m_EditorClassIdentifier: 
  _spread: 0.25
  prefabsByEffectKind:
  - {fileID: 7252468994940243448, guid: 91acf48716947934bb535c71f8f73e90, type: 3}
  - {fileID: 7252468994940243448, guid: 073ab8378962d5a4d85316e2939c069c, type: 3}
  - {fileID: 7252468994940243448, guid: dbeea815912d3e541af36a25b9f4d4d9, type: 3}
  - {fileID: 7252468994940243448, guid: 7e80f7ae3e3044b4b9cddf9c79303cf1, type: 3}
  - {fileID: 7252468994940243448, guid: 7e80f7ae3e3044b4b9cddf9c79303cf1, type: 3}
