%YAML 1.1
%TAG !u! tag:unity3d.com,2011:
--- !u!1 &457002141108137309
GameObject:
  m_ObjectHideFlags: 0
  m_CorrespondingSourceObject: {fileID: 0}
  m_PrefabInstance: {fileID: 0}
  m_PrefabAsset: {fileID: 0}
  serializedVersion: 6
  m_Component:
  - component: {fileID: 9113332177550145412}
  - component: {fileID: 82848523611958839}
  m_Layer: 5
  m_Name: HeroPanel
  m_TagString: Untagged
  m_Icon: {fileID: 0}
  m_NavMeshLayer: 0
  m_StaticEditorFlags: 0
  m_IsActive: 1
--- !u!224 &9113332177550145412
RectTransform:
  m_ObjectHideFlags: 0
  m_CorrespondingSourceObject: {fileID: 0}
  m_PrefabInstance: {fileID: 0}
  m_PrefabAsset: {fileID: 0}
  m_GameObject: {fileID: 457002141108137309}
  m_LocalRotation: {x: 0, y: 0, z: 0, w: 1}
  m_LocalPosition: {x: 0, y: 0, z: 0}
  m_LocalScale: {x: 1, y: 1, z: 1}
  m_Children:
  - {fileID: 1147970355357216162}
  m_Father: {fileID: 0}
  m_RootOrder: 0
  m_LocalEulerAnglesHint: {x: 0, y: 0, z: 0}
  m_AnchorMin: {x: 0, y: 1}
  m_AnchorMax: {x: 0, y: 1}
  m_AnchoredPosition: {x: 0, y: 0}
  m_SizeDelta: {x: 500, y: 220}
  m_Pivot: {x: 0, y: 1}
--- !u!114 &82848523611958839
MonoBehaviour:
  m_ObjectHideFlags: 0
  m_CorrespondingSourceObject: {fileID: 0}
  m_PrefabInstance: {fileID: 0}
  m_PrefabAsset: {fileID: 0}
  m_GameObject: {fileID: 457002141108137309}
  m_Enabled: 1
  m_EditorHideFlags: 0
  m_Script: {fileID: 11500000, guid: e1d25a827882f3f44946ebdbfaa87d5d, type: 3}
  m_Name: 
  m_EditorClassIdentifier: 
  _heroNameTextMesh: {fileID: 32686848529035488}
  _heroImage: {fileID: 2093399254294230457}
  _statBars:
  - {fileID: 1461970225920624556}
  - {fileID: 150637093266236055}
  - {fileID: 2777016595721282896}
--- !u!1 &1603497294806006649
GameObject:
  m_ObjectHideFlags: 0
  m_CorrespondingSourceObject: {fileID: 0}
  m_PrefabInstance: {fileID: 0}
  m_PrefabAsset: {fileID: 0}
  serializedVersion: 6
  m_Component:
  - component: {fileID: 6740899555183536861}
  - component: {fileID: 3296445412404910238}
  - component: {fileID: 2093399254294230457}
  m_Layer: 5
  m_Name: HeroImage
  m_TagString: Untagged
  m_Icon: {fileID: 0}
  m_NavMeshLayer: 0
  m_StaticEditorFlags: 0
  m_IsActive: 1
--- !u!224 &6740899555183536861
RectTransform:
  m_ObjectHideFlags: 0
  m_CorrespondingSourceObject: {fileID: 0}
  m_PrefabInstance: {fileID: 0}
  m_PrefabAsset: {fileID: 0}
  m_GameObject: {fileID: 1603497294806006649}
  m_LocalRotation: {x: 0, y: 0, z: -0.12108976, w: 0.9926416}
  m_LocalPosition: {x: 0, y: 0, z: 0}
  m_LocalScale: {x: 1, y: 1, z: 1}
  m_Children: []
  m_Father: {fileID: 1147970355357216162}
  m_RootOrder: 1
  m_LocalEulerAnglesHint: {x: 0, y: 0, z: -13.91}
  m_AnchorMin: {x: 1, y: 1}
  m_AnchorMax: {x: 1, y: 1}
  m_AnchoredPosition: {x: -30, y: -40}
  m_SizeDelta: {x: 120, y: 120}
  m_Pivot: {x: 1, y: 1}
--- !u!222 &3296445412404910238
CanvasRenderer:
  m_ObjectHideFlags: 0
  m_CorrespondingSourceObject: {fileID: 0}
  m_PrefabInstance: {fileID: 0}
  m_PrefabAsset: {fileID: 0}
  m_GameObject: {fileID: 1603497294806006649}
  m_CullTransparentMesh: 0
--- !u!114 &2093399254294230457
MonoBehaviour:
  m_ObjectHideFlags: 0
  m_CorrespondingSourceObject: {fileID: 0}
  m_PrefabInstance: {fileID: 0}
  m_PrefabAsset: {fileID: 0}
  m_GameObject: {fileID: 1603497294806006649}
  m_Enabled: 1
  m_EditorHideFlags: 0
  m_Script: {fileID: 11500000, guid: fe87c0e1cc204ed48ad3b37840f39efc, type: 3}
  m_Name: 
  m_EditorClassIdentifier: 
  m_Material: {fileID: 0}
  m_Color: {r: 1, g: 1, b: 1, a: 1}
  m_RaycastTarget: 1
  m_Maskable: 1
  m_OnCullStateChanged:
    m_PersistentCalls:
      m_Calls: []
  m_Sprite: {fileID: 0}
  m_Type: 0
  m_PreserveAspect: 0
  m_FillCenter: 1
  m_FillMethod: 4
  m_FillAmount: 1
  m_FillClockwise: 1
  m_FillOrigin: 0
  m_UseSpriteMesh: 0
  m_PixelsPerUnitMultiplier: 1
--- !u!1 &2466776660043902169
GameObject:
  m_ObjectHideFlags: 0
  m_CorrespondingSourceObject: {fileID: 0}
  m_PrefabInstance: {fileID: 0}
  m_PrefabAsset: {fileID: 0}
  serializedVersion: 6
  m_Component:
  - component: {fileID: 3567878780051200265}
  - component: {fileID: 3053038398995378505}
  - component: {fileID: 2713123832234505516}
  m_Layer: 5
  m_Name: Background
  m_TagString: Untagged
  m_Icon: {fileID: 0}
  m_NavMeshLayer: 0
  m_StaticEditorFlags: 0
  m_IsActive: 1
--- !u!224 &3567878780051200265
RectTransform:
  m_ObjectHideFlags: 0
  m_CorrespondingSourceObject: {fileID: 0}
  m_PrefabInstance: {fileID: 0}
  m_PrefabAsset: {fileID: 0}
  m_GameObject: {fileID: 2466776660043902169}
  m_LocalRotation: {x: -0, y: -0, z: -0, w: 1}
  m_LocalPosition: {x: 0, y: 0, z: 0}
  m_LocalScale: {x: 1, y: 1, z: 1}
  m_Children: []
  m_Father: {fileID: 1147970355357216162}
  m_RootOrder: 0
  m_LocalEulerAnglesHint: {x: 0, y: 0, z: 0}
  m_AnchorMin: {x: 0, y: 0}
  m_AnchorMax: {x: 1, y: 1}
  m_AnchoredPosition: {x: 0, y: 0}
  m_SizeDelta: {x: 0, y: 0}
  m_Pivot: {x: 0.5, y: 0.5}
--- !u!222 &3053038398995378505
CanvasRenderer:
  m_ObjectHideFlags: 0
  m_CorrespondingSourceObject: {fileID: 0}
  m_PrefabInstance: {fileID: 0}
  m_PrefabAsset: {fileID: 0}
  m_GameObject: {fileID: 2466776660043902169}
  m_CullTransparentMesh: 0
--- !u!114 &2713123832234505516
MonoBehaviour:
  m_ObjectHideFlags: 0
  m_CorrespondingSourceObject: {fileID: 0}
  m_PrefabInstance: {fileID: 0}
  m_PrefabAsset: {fileID: 0}
  m_GameObject: {fileID: 2466776660043902169}
  m_Enabled: 1
  m_EditorHideFlags: 0
  m_Script: {fileID: 11500000, guid: fe87c0e1cc204ed48ad3b37840f39efc, type: 3}
  m_Name: 
  m_EditorClassIdentifier: 
  m_Material: {fileID: 0}
  m_Color: {r: 1, g: 1, b: 1, a: 0.27450982}
  m_RaycastTarget: 1
  m_Maskable: 1
  m_OnCullStateChanged:
    m_PersistentCalls:
      m_Calls: []
  m_Sprite: {fileID: 0}
  m_Type: 0
  m_PreserveAspect: 0
  m_FillCenter: 1
  m_FillMethod: 4
  m_FillAmount: 1
  m_FillClockwise: 1
  m_FillOrigin: 0
  m_UseSpriteMesh: 0
  m_PixelsPerUnitMultiplier: 1
--- !u!1 &5451927272501281182
GameObject:
  m_ObjectHideFlags: 0
  m_CorrespondingSourceObject: {fileID: 0}
  m_PrefabInstance: {fileID: 0}
  m_PrefabAsset: {fileID: 0}
  serializedVersion: 6
  m_Component:
  - component: {fileID: 1147970355357216162}
  m_Layer: 5
  m_Name: Content
  m_TagString: Untagged
  m_Icon: {fileID: 0}
  m_NavMeshLayer: 0
  m_StaticEditorFlags: 0
  m_IsActive: 1
--- !u!224 &1147970355357216162
RectTransform:
  m_ObjectHideFlags: 0
  m_CorrespondingSourceObject: {fileID: 0}
  m_PrefabInstance: {fileID: 0}
  m_PrefabAsset: {fileID: 0}
  m_GameObject: {fileID: 5451927272501281182}
  m_LocalRotation: {x: 0, y: 0, z: 0, w: 1}
  m_LocalPosition: {x: 0, y: 0, z: 0}
  m_LocalScale: {x: 1, y: 1, z: 1}
  m_Children:
  - {fileID: 3567878780051200265}
  - {fileID: 6740899555183536861}
  - {fileID: 1695002784830785860}
  - {fileID: 5603627712405952006}
  m_Father: {fileID: 9113332177550145412}
  m_RootOrder: 0
  m_LocalEulerAnglesHint: {x: 0, y: 0, z: 0}
  m_AnchorMin: {x: 0, y: 0}
  m_AnchorMax: {x: 1, y: 1}
  m_AnchoredPosition: {x: 0, y: 0}
  m_SizeDelta: {x: 0, y: -10}
  m_Pivot: {x: 0.5, y: 0.5}
--- !u!1 &7614728674031205518
GameObject:
  m_ObjectHideFlags: 0
  m_CorrespondingSourceObject: {fileID: 0}
  m_PrefabInstance: {fileID: 0}
  m_PrefabAsset: {fileID: 0}
  serializedVersion: 6
  m_Component:
  - component: {fileID: 5603627712405952006}
  m_Layer: 5
  m_Name: Bars
  m_TagString: Untagged
  m_Icon: {fileID: 0}
  m_NavMeshLayer: 0
  m_StaticEditorFlags: 0
  m_IsActive: 1
--- !u!224 &5603627712405952006
RectTransform:
  m_ObjectHideFlags: 0
  m_CorrespondingSourceObject: {fileID: 0}
  m_PrefabInstance: {fileID: 0}
  m_PrefabAsset: {fileID: 0}
  m_GameObject: {fileID: 7614728674031205518}
  m_LocalRotation: {x: 0, y: 0, z: 0, w: 1}
  m_LocalPosition: {x: 0, y: 0, z: 0}
  m_LocalScale: {x: 1, y: 1, z: 1}
  m_Children:
  - {fileID: 125453291566608189}
  - {fileID: 1721341070050642438}
  - {fileID: 3710320504622386625}
  m_Father: {fileID: 1147970355357216162}
  m_RootOrder: 3
  m_LocalEulerAnglesHint: {x: 0, y: 0, z: 0}
  m_AnchorMin: {x: 0, y: 0}
  m_AnchorMax: {x: 1, y: 1}
  m_AnchoredPosition: {x: -10, y: -60}
  m_SizeDelta: {x: -20, y: -60}
  m_Pivot: {x: 0.5, y: 1}
--- !u!1 &8496697133488867211
GameObject:
  m_ObjectHideFlags: 0
  m_CorrespondingSourceObject: {fileID: 0}
  m_PrefabInstance: {fileID: 0}
  m_PrefabAsset: {fileID: 0}
  serializedVersion: 6
  m_Component:
  - component: {fileID: 1695002784830785860}
  - component: {fileID: 4955686112093337103}
  - component: {fileID: 32686848529035488}
  m_Layer: 5
  m_Name: HeroName
  m_TagString: Untagged
  m_Icon: {fileID: 0}
  m_NavMeshLayer: 0
  m_StaticEditorFlags: 0
  m_IsActive: 1
--- !u!224 &1695002784830785860
RectTransform:
  m_ObjectHideFlags: 0
  m_CorrespondingSourceObject: {fileID: 0}
  m_PrefabInstance: {fileID: 0}
  m_PrefabAsset: {fileID: 0}
  m_GameObject: {fileID: 8496697133488867211}
  m_LocalRotation: {x: -0, y: -0, z: -0, w: 1}
  m_LocalPosition: {x: 0, y: 0, z: 0}
  m_LocalScale: {x: 1, y: 1, z: 1}
  m_Children: []
  m_Father: {fileID: 1147970355357216162}
  m_RootOrder: 2
  m_LocalEulerAnglesHint: {x: 0, y: 0, z: 0}
  m_AnchorMin: {x: 0, y: 1}
  m_AnchorMax: {x: 0, y: 1}
  m_AnchoredPosition: {x: 20, y: 0}
  m_SizeDelta: {x: 250, y: 50}
  m_Pivot: {x: 0, y: 1}
--- !u!222 &4955686112093337103
CanvasRenderer:
  m_ObjectHideFlags: 0
  m_CorrespondingSourceObject: {fileID: 0}
  m_PrefabInstance: {fileID: 0}
  m_PrefabAsset: {fileID: 0}
  m_GameObject: {fileID: 8496697133488867211}
  m_CullTransparentMesh: 0
--- !u!114 &32686848529035488
MonoBehaviour:
  m_ObjectHideFlags: 0
  m_CorrespondingSourceObject: {fileID: 0}
  m_PrefabInstance: {fileID: 0}
  m_PrefabAsset: {fileID: 0}
  m_GameObject: {fileID: 8496697133488867211}
  m_Enabled: 1
  m_EditorHideFlags: 0
  m_Script: {fileID: 11500000, guid: f4688fdb7df04437aeb418b961361dc5, type: 3}
  m_Name: 
  m_EditorClassIdentifier: 
  m_Material: {fileID: 0}
  m_Color: {r: 1, g: 1, b: 1, a: 1}
  m_RaycastTarget: 1
  m_Maskable: 1
  m_OnCullStateChanged:
    m_PersistentCalls:
      m_Calls: []
  m_text: <Florencia>
  m_isRightToLeft: 0
  m_fontAsset: {fileID: 11400000, guid: 8f586378b4e144a9851e7b34d9b748ee, type: 2}
  m_sharedMaterial: {fileID: 2180264, guid: 8f586378b4e144a9851e7b34d9b748ee, type: 2}
  m_fontSharedMaterials: []
  m_fontMaterial: {fileID: 0}
  m_fontMaterials: []
  m_fontColor32:
    serializedVersion: 2
    rgba: 4294967295
  m_fontColor: {r: 1, g: 1, b: 1, a: 1}
  m_enableVertexGradient: 0
  m_colorMode: 3
  m_fontColorGradient:
    topLeft: {r: 1, g: 1, b: 1, a: 1}
    topRight: {r: 1, g: 1, b: 1, a: 1}
    bottomLeft: {r: 1, g: 1, b: 1, a: 1}
    bottomRight: {r: 1, g: 1, b: 1, a: 1}
  m_fontColorGradientPreset: {fileID: 0}
  m_spriteAsset: {fileID: 0}
  m_tintAllSprites: 0
  m_overrideHtmlColors: 0
  m_faceColor:
    serializedVersion: 2
    rgba: 4294967295
  m_outlineColor:
    serializedVersion: 2
    rgba: 4278190080
  m_fontSize: 36
  m_fontSizeBase: 36
  m_fontWeight: 400
  m_enableAutoSizing: 0
  m_fontSizeMin: 18
  m_fontSizeMax: 72
  m_fontStyle: 0
  m_textAlignment: 513
  m_characterSpacing: 0
  m_wordSpacing: 0
  m_lineSpacing: 0
  m_lineSpacingMax: 0
  m_paragraphSpacing: 0
  m_charWidthMaxAdj: 0
  m_enableWordWrapping: 1
  m_wordWrappingRatios: 0.4
  m_overflowMode: 0
  m_firstOverflowCharacterIndex: -1
  m_linkedTextComponent: {fileID: 0}
  m_isLinkedTextComponent: 0
  m_isTextTruncated: 0
  m_enableKerning: 1
  m_enableExtraPadding: 0
  checkPaddingRequired: 0
  m_isRichText: 1
  m_parseCtrlCharacters: 1
  m_isOrthographic: 1
  m_isCullingEnabled: 0
  m_ignoreRectMaskCulling: 0
  m_ignoreCulling: 1
  m_horizontalMapping: 0
  m_verticalMapping: 0
  m_uvLineOffset: 0
  m_geometrySortingOrder: 0
  m_VertexBufferAutoSizeReduction: 1
  m_firstVisibleCharacter: 0
  m_useMaxVisibleDescender: 1
  m_pageToDisplay: 1
  m_margin: {x: 0, y: 0, z: 0, w: 0}
  m_textInfo:
    textComponent: {fileID: 32686848529035488}
    characterCount: 11
    spriteCount: 0
    spaceCount: 0
    wordCount: 2
    linkCount: 0
    lineCount: 1
    pageCount: 1
    materialCount: 1
  m_isUsingLegacyAnimationComponent: 0
  m_isVolumetricText: 0
  m_spriteAnimator: {fileID: 0}
  m_hasFontAssetChanged: 0
  m_subTextObjects:
  - {fileID: 0}
  - {fileID: 0}
  - {fileID: 0}
  - {fileID: 0}
  - {fileID: 0}
  - {fileID: 0}
  - {fileID: 0}
  - {fileID: 0}
  m_baseMaterial: {fileID: 0}
  m_maskOffset: {x: 0, y: 0, z: 0, w: 0}
--- !u!1001 &4615666562984367158
PrefabInstance:
  m_ObjectHideFlags: 0
  serializedVersion: 2
  m_Modification:
    m_TransformParent: {fileID: 5603627712405952006}
    m_Modifications:
    - target: {fileID: 419643580117438158, guid: 9d097efa20af14043962437ed1715843,
        type: 3}
      propertyPath: m_Name
      value: SanityBar
      objectReference: {fileID: 0}
    - target: {fileID: 1596900963424033424, guid: 9d097efa20af14043962437ed1715843,
        type: 3}
      propertyPath: m_textInfo.characterCount
      value: 4
      objectReference: {fileID: 0}
    - target: {fileID: 1596900963424033424, guid: 9d097efa20af14043962437ed1715843,
        type: 3}
      propertyPath: m_textInfo.wordCount
      value: 1
      objectReference: {fileID: 0}
    - target: {fileID: 1596900963424033424, guid: 9d097efa20af14043962437ed1715843,
        type: 3}
      propertyPath: m_textInfo.lineCount
      value: 1
      objectReference: {fileID: 0}
    - target: {fileID: 1596900963424033424, guid: 9d097efa20af14043962437ed1715843,
        type: 3}
      propertyPath: m_textInfo.pageCount
      value: 1
      objectReference: {fileID: 0}
    - target: {fileID: 4762855585638348449, guid: 9d097efa20af14043962437ed1715843,
        type: 3}
      propertyPath: _statConfig
      value: 
      objectReference: {fileID: 11400000, guid: 5e25abda0ec3b1444930164123acd9e1,
        type: 2}
    - target: {fileID: 4762855585638348449, guid: 9d097efa20af14043962437ed1715843,
        type: 3}
      propertyPath: _stat
      value: 1
      objectReference: {fileID: 0}
    - target: {fileID: 6335802566143385136, guid: 9d097efa20af14043962437ed1715843,
        type: 3}
      propertyPath: m_LocalPosition.x
      value: 0
      objectReference: {fileID: 0}
    - target: {fileID: 6335802566143385136, guid: 9d097efa20af14043962437ed1715843,
        type: 3}
      propertyPath: m_LocalPosition.y
      value: 0
      objectReference: {fileID: 0}
    - target: {fileID: 6335802566143385136, guid: 9d097efa20af14043962437ed1715843,
        type: 3}
      propertyPath: m_LocalPosition.z
      value: 0
      objectReference: {fileID: 0}
    - target: {fileID: 6335802566143385136, guid: 9d097efa20af14043962437ed1715843,
        type: 3}
      propertyPath: m_LocalRotation.x
      value: 0
      objectReference: {fileID: 0}
    - target: {fileID: 6335802566143385136, guid: 9d097efa20af14043962437ed1715843,
        type: 3}
      propertyPath: m_LocalRotation.y
      value: 0
      objectReference: {fileID: 0}
    - target: {fileID: 6335802566143385136, guid: 9d097efa20af14043962437ed1715843,
        type: 3}
      propertyPath: m_LocalRotation.z
      value: 0
      objectReference: {fileID: 0}
    - target: {fileID: 6335802566143385136, guid: 9d097efa20af14043962437ed1715843,
        type: 3}
      propertyPath: m_LocalRotation.w
      value: 1
      objectReference: {fileID: 0}
    - target: {fileID: 6335802566143385136, guid: 9d097efa20af14043962437ed1715843,
        type: 3}
      propertyPath: m_RootOrder
      value: 1
      objectReference: {fileID: 0}
    - target: {fileID: 6335802566143385136, guid: 9d097efa20af14043962437ed1715843,
        type: 3}
      propertyPath: m_LocalEulerAnglesHint.x
      value: 0
      objectReference: {fileID: 0}
    - target: {fileID: 6335802566143385136, guid: 9d097efa20af14043962437ed1715843,
        type: 3}
      propertyPath: m_LocalEulerAnglesHint.y
      value: 0
      objectReference: {fileID: 0}
    - target: {fileID: 6335802566143385136, guid: 9d097efa20af14043962437ed1715843,
        type: 3}
      propertyPath: m_LocalEulerAnglesHint.z
      value: 0
      objectReference: {fileID: 0}
    - target: {fileID: 6335802566143385136, guid: 9d097efa20af14043962437ed1715843,
        type: 3}
      propertyPath: m_AnchoredPosition.x
      value: 0
      objectReference: {fileID: 0}
    - target: {fileID: 6335802566143385136, guid: 9d097efa20af14043962437ed1715843,
        type: 3}
      propertyPath: m_AnchoredPosition.y
      value: -45
      objectReference: {fileID: 0}
    - target: {fileID: 6335802566143385136, guid: 9d097efa20af14043962437ed1715843,
        type: 3}
      propertyPath: m_SizeDelta.x
      value: 0
      objectReference: {fileID: 0}
    - target: {fileID: 6335802566143385136, guid: 9d097efa20af14043962437ed1715843,
        type: 3}
      propertyPath: m_SizeDelta.y
      value: 40
      objectReference: {fileID: 0}
    - target: {fileID: 6335802566143385136, guid: 9d097efa20af14043962437ed1715843,
        type: 3}
      propertyPath: m_AnchorMin.x
      value: 0
      objectReference: {fileID: 0}
    - target: {fileID: 6335802566143385136, guid: 9d097efa20af14043962437ed1715843,
        type: 3}
      propertyPath: m_AnchorMin.y
      value: 1
      objectReference: {fileID: 0}
    - target: {fileID: 6335802566143385136, guid: 9d097efa20af14043962437ed1715843,
        type: 3}
      propertyPath: m_AnchorMax.x
      value: 1
      objectReference: {fileID: 0}
    - target: {fileID: 6335802566143385136, guid: 9d097efa20af14043962437ed1715843,
        type: 3}
      propertyPath: m_AnchorMax.y
      value: 1
      objectReference: {fileID: 0}
    - target: {fileID: 6335802566143385136, guid: 9d097efa20af14043962437ed1715843,
        type: 3}
      propertyPath: m_Pivot.x
      value: 0.5
      objectReference: {fileID: 0}
    - target: {fileID: 6335802566143385136, guid: 9d097efa20af14043962437ed1715843,
        type: 3}
      propertyPath: m_Pivot.y
      value: 1
      objectReference: {fileID: 0}
    m_RemovedComponents: []
  m_SourcePrefab: {fileID: 100100000, guid: 9d097efa20af14043962437ed1715843, type: 3}
--- !u!224 &1721341070050642438 stripped
RectTransform:
  m_CorrespondingSourceObject: {fileID: 6335802566143385136, guid: 9d097efa20af14043962437ed1715843,
    type: 3}
  m_PrefabInstance: {fileID: 4615666562984367158}
  m_PrefabAsset: {fileID: 0}
--- !u!114 &150637093266236055 stripped
MonoBehaviour:
  m_CorrespondingSourceObject: {fileID: 4762855585638348449, guid: 9d097efa20af14043962437ed1715843,
    type: 3}
  m_PrefabInstance: {fileID: 4615666562984367158}
  m_PrefabAsset: {fileID: 0}
  m_GameObject: {fileID: 0}
  m_Enabled: 1
  m_EditorHideFlags: 0
  m_Script: {fileID: 11500000, guid: 3f8d658c1ec7115488c8c0364075a979, type: 3}
  m_Name: 
  m_EditorClassIdentifier: 
--- !u!1001 &6219745718866227469
PrefabInstance:
  m_ObjectHideFlags: 0
  serializedVersion: 2
  m_Modification:
    m_TransformParent: {fileID: 5603627712405952006}
    m_Modifications:
    - target: {fileID: 419643580117438158, guid: 9d097efa20af14043962437ed1715843,
        type: 3}
      propertyPath: m_Name
      value: VitalityBar
      objectReference: {fileID: 0}
    - target: {fileID: 1596900963424033424, guid: 9d097efa20af14043962437ed1715843,
        type: 3}
      propertyPath: m_textInfo.characterCount
      value: 4
      objectReference: {fileID: 0}
    - target: {fileID: 1596900963424033424, guid: 9d097efa20af14043962437ed1715843,
        type: 3}
      propertyPath: m_textInfo.wordCount
      value: 1
      objectReference: {fileID: 0}
    - target: {fileID: 1596900963424033424, guid: 9d097efa20af14043962437ed1715843,
        type: 3}
      propertyPath: m_textInfo.lineCount
      value: 1
      objectReference: {fileID: 0}
    - target: {fileID: 1596900963424033424, guid: 9d097efa20af14043962437ed1715843,
        type: 3}
      propertyPath: m_textInfo.pageCount
      value: 1
      objectReference: {fileID: 0}
    - target: {fileID: 4762855585638348449, guid: 9d097efa20af14043962437ed1715843,
        type: 3}
      propertyPath: _statConfig
      value: 
      objectReference: {fileID: 11400000, guid: fb780741feca80649960e80ee03ea73f,
        type: 2}
    - target: {fileID: 6335802566143385136, guid: 9d097efa20af14043962437ed1715843,
        type: 3}
      propertyPath: m_LocalPosition.x
      value: 0
      objectReference: {fileID: 0}
    - target: {fileID: 6335802566143385136, guid: 9d097efa20af14043962437ed1715843,
        type: 3}
      propertyPath: m_LocalPosition.y
      value: 0
      objectReference: {fileID: 0}
    - target: {fileID: 6335802566143385136, guid: 9d097efa20af14043962437ed1715843,
        type: 3}
      propertyPath: m_LocalPosition.z
      value: 0
      objectReference: {fileID: 0}
    - target: {fileID: 6335802566143385136, guid: 9d097efa20af14043962437ed1715843,
        type: 3}
      propertyPath: m_LocalRotation.x
      value: 0
      objectReference: {fileID: 0}
    - target: {fileID: 6335802566143385136, guid: 9d097efa20af14043962437ed1715843,
        type: 3}
      propertyPath: m_LocalRotation.y
      value: 0
      objectReference: {fileID: 0}
    - target: {fileID: 6335802566143385136, guid: 9d097efa20af14043962437ed1715843,
        type: 3}
      propertyPath: m_LocalRotation.z
      value: 0
      objectReference: {fileID: 0}
    - target: {fileID: 6335802566143385136, guid: 9d097efa20af14043962437ed1715843,
        type: 3}
      propertyPath: m_LocalRotation.w
      value: 1
      objectReference: {fileID: 0}
    - target: {fileID: 6335802566143385136, guid: 9d097efa20af14043962437ed1715843,
        type: 3}
      propertyPath: m_RootOrder
      value: 0
      objectReference: {fileID: 0}
    - target: {fileID: 6335802566143385136, guid: 9d097efa20af14043962437ed1715843,
        type: 3}
      propertyPath: m_LocalEulerAnglesHint.x
      value: 0
      objectReference: {fileID: 0}
    - target: {fileID: 6335802566143385136, guid: 9d097efa20af14043962437ed1715843,
        type: 3}
      propertyPath: m_LocalEulerAnglesHint.y
      value: 0
      objectReference: {fileID: 0}
    - target: {fileID: 6335802566143385136, guid: 9d097efa20af14043962437ed1715843,
        type: 3}
      propertyPath: m_LocalEulerAnglesHint.z
      value: 0
      objectReference: {fileID: 0}
    - target: {fileID: 6335802566143385136, guid: 9d097efa20af14043962437ed1715843,
        type: 3}
      propertyPath: m_AnchoredPosition.x
      value: 0
      objectReference: {fileID: 0}
    - target: {fileID: 6335802566143385136, guid: 9d097efa20af14043962437ed1715843,
        type: 3}
      propertyPath: m_AnchoredPosition.y
      value: 0
      objectReference: {fileID: 0}
    - target: {fileID: 6335802566143385136, guid: 9d097efa20af14043962437ed1715843,
        type: 3}
      propertyPath: m_SizeDelta.x
      value: 0
      objectReference: {fileID: 0}
    - target: {fileID: 6335802566143385136, guid: 9d097efa20af14043962437ed1715843,
        type: 3}
      propertyPath: m_SizeDelta.y
      value: 40
      objectReference: {fileID: 0}
    - target: {fileID: 6335802566143385136, guid: 9d097efa20af14043962437ed1715843,
        type: 3}
      propertyPath: m_AnchorMin.x
      value: 0
      objectReference: {fileID: 0}
    - target: {fileID: 6335802566143385136, guid: 9d097efa20af14043962437ed1715843,
        type: 3}
      propertyPath: m_AnchorMin.y
      value: 1
      objectReference: {fileID: 0}
    - target: {fileID: 6335802566143385136, guid: 9d097efa20af14043962437ed1715843,
        type: 3}
      propertyPath: m_AnchorMax.x
      value: 1
      objectReference: {fileID: 0}
    - target: {fileID: 6335802566143385136, guid: 9d097efa20af14043962437ed1715843,
        type: 3}
      propertyPath: m_AnchorMax.y
      value: 1
      objectReference: {fileID: 0}
    - target: {fileID: 6335802566143385136, guid: 9d097efa20af14043962437ed1715843,
        type: 3}
      propertyPath: m_Pivot.x
      value: 0.5
      objectReference: {fileID: 0}
    - target: {fileID: 6335802566143385136, guid: 9d097efa20af14043962437ed1715843,
        type: 3}
      propertyPath: m_Pivot.y
      value: 1
      objectReference: {fileID: 0}
    m_RemovedComponents: []
  m_SourcePrefab: {fileID: 100100000, guid: 9d097efa20af14043962437ed1715843, type: 3}
--- !u!224 &125453291566608189 stripped
RectTransform:
  m_CorrespondingSourceObject: {fileID: 6335802566143385136, guid: 9d097efa20af14043962437ed1715843,
    type: 3}
  m_PrefabInstance: {fileID: 6219745718866227469}
  m_PrefabAsset: {fileID: 0}
--- !u!114 &1461970225920624556 stripped
MonoBehaviour:
  m_CorrespondingSourceObject: {fileID: 4762855585638348449, guid: 9d097efa20af14043962437ed1715843,
    type: 3}
  m_PrefabInstance: {fileID: 6219745718866227469}
  m_PrefabAsset: {fileID: 0}
  m_GameObject: {fileID: 0}
  m_Enabled: 1
  m_EditorHideFlags: 0
  m_Script: {fileID: 11500000, guid: 3f8d658c1ec7115488c8c0364075a979, type: 3}
  m_Name: 
  m_EditorClassIdentifier: 
--- !u!1001 &7246571122716677105
PrefabInstance:
  m_ObjectHideFlags: 0
  serializedVersion: 2
  m_Modification:
    m_TransformParent: {fileID: 5603627712405952006}
    m_Modifications:
    - target: {fileID: 419643580117438158, guid: 9d097efa20af14043962437ed1715843,
        type: 3}
      propertyPath: m_Name
      value: EnergyBar
      objectReference: {fileID: 0}
    - target: {fileID: 1596900963424033424, guid: 9d097efa20af14043962437ed1715843,
        type: 3}
      propertyPath: m_textInfo.characterCount
      value: 4
      objectReference: {fileID: 0}
    - target: {fileID: 1596900963424033424, guid: 9d097efa20af14043962437ed1715843,
        type: 3}
      propertyPath: m_textInfo.wordCount
      value: 1
      objectReference: {fileID: 0}
    - target: {fileID: 1596900963424033424, guid: 9d097efa20af14043962437ed1715843,
        type: 3}
      propertyPath: m_textInfo.lineCount
      value: 1
      objectReference: {fileID: 0}
    - target: {fileID: 1596900963424033424, guid: 9d097efa20af14043962437ed1715843,
        type: 3}
      propertyPath: m_textInfo.pageCount
      value: 1
      objectReference: {fileID: 0}
    - target: {fileID: 4762855585638348449, guid: 9d097efa20af14043962437ed1715843,
        type: 3}
      propertyPath: _statConfig
      value: 
      objectReference: {fileID: 11400000, guid: 55d8d7205136f484a9c66d473b7a65fa,
        type: 2}
    - target: {fileID: 4762855585638348449, guid: 9d097efa20af14043962437ed1715843,
        type: 3}
      propertyPath: _stat
      value: 7
      objectReference: {fileID: 0}
    - target: {fileID: 6335802566143385136, guid: 9d097efa20af14043962437ed1715843,
        type: 3}
      propertyPath: m_LocalPosition.x
      value: 0
      objectReference: {fileID: 0}
    - target: {fileID: 6335802566143385136, guid: 9d097efa20af14043962437ed1715843,
        type: 3}
      propertyPath: m_LocalPosition.y
      value: 0
      objectReference: {fileID: 0}
    - target: {fileID: 6335802566143385136, guid: 9d097efa20af14043962437ed1715843,
        type: 3}
      propertyPath: m_LocalPosition.z
      value: 0
      objectReference: {fileID: 0}
    - target: {fileID: 6335802566143385136, guid: 9d097efa20af14043962437ed1715843,
        type: 3}
      propertyPath: m_LocalRotation.x
      value: 0
      objectReference: {fileID: 0}
    - target: {fileID: 6335802566143385136, guid: 9d097efa20af14043962437ed1715843,
        type: 3}
      propertyPath: m_LocalRotation.y
      value: 0
      objectReference: {fileID: 0}
    - target: {fileID: 6335802566143385136, guid: 9d097efa20af14043962437ed1715843,
        type: 3}
      propertyPath: m_LocalRotation.z
      value: 0
      objectReference: {fileID: 0}
    - target: {fileID: 6335802566143385136, guid: 9d097efa20af14043962437ed1715843,
        type: 3}
      propertyPath: m_LocalRotation.w
      value: 1
      objectReference: {fileID: 0}
    - target: {fileID: 6335802566143385136, guid: 9d097efa20af14043962437ed1715843,
        type: 3}
      propertyPath: m_RootOrder
      value: 2
      objectReference: {fileID: 0}
    - target: {fileID: 6335802566143385136, guid: 9d097efa20af14043962437ed1715843,
        type: 3}
      propertyPath: m_LocalEulerAnglesHint.x
      value: 0
      objectReference: {fileID: 0}
    - target: {fileID: 6335802566143385136, guid: 9d097efa20af14043962437ed1715843,
        type: 3}
      propertyPath: m_LocalEulerAnglesHint.y
      value: 0
      objectReference: {fileID: 0}
    - target: {fileID: 6335802566143385136, guid: 9d097efa20af14043962437ed1715843,
        type: 3}
      propertyPath: m_LocalEulerAnglesHint.z
      value: 0
      objectReference: {fileID: 0}
    - target: {fileID: 6335802566143385136, guid: 9d097efa20af14043962437ed1715843,
        type: 3}
      propertyPath: m_AnchoredPosition.x
      value: 0
      objectReference: {fileID: 0}
    - target: {fileID: 6335802566143385136, guid: 9d097efa20af14043962437ed1715843,
        type: 3}
      propertyPath: m_AnchoredPosition.y
      value: -90
      objectReference: {fileID: 0}
    - target: {fileID: 6335802566143385136, guid: 9d097efa20af14043962437ed1715843,
        type: 3}
      propertyPath: m_SizeDelta.x
      value: 0
      objectReference: {fileID: 0}
    - target: {fileID: 6335802566143385136, guid: 9d097efa20af14043962437ed1715843,
        type: 3}
      propertyPath: m_SizeDelta.y
      value: 40
      objectReference: {fileID: 0}
    - target: {fileID: 6335802566143385136, guid: 9d097efa20af14043962437ed1715843,
        type: 3}
      propertyPath: m_AnchorMin.x
      value: 0
      objectReference: {fileID: 0}
    - target: {fileID: 6335802566143385136, guid: 9d097efa20af14043962437ed1715843,
        type: 3}
      propertyPath: m_AnchorMin.y
      value: 1
      objectReference: {fileID: 0}
    - target: {fileID: 6335802566143385136, guid: 9d097efa20af14043962437ed1715843,
        type: 3}
      propertyPath: m_AnchorMax.x
      value: 1
      objectReference: {fileID: 0}
    - target: {fileID: 6335802566143385136, guid: 9d097efa20af14043962437ed1715843,
        type: 3}
      propertyPath: m_AnchorMax.y
      value: 1
      objectReference: {fileID: 0}
    - target: {fileID: 6335802566143385136, guid: 9d097efa20af14043962437ed1715843,
        type: 3}
      propertyPath: m_Pivot.x
      value: 0.5
      objectReference: {fileID: 0}
    - target: {fileID: 6335802566143385136, guid: 9d097efa20af14043962437ed1715843,
        type: 3}
      propertyPath: m_Pivot.y
      value: 1
      objectReference: {fileID: 0}
    m_RemovedComponents: []
  m_SourcePrefab: {fileID: 100100000, guid: 9d097efa20af14043962437ed1715843, type: 3}
--- !u!224 &3710320504622386625 stripped
RectTransform:
  m_CorrespondingSourceObject: {fileID: 6335802566143385136, guid: 9d097efa20af14043962437ed1715843,
    type: 3}
  m_PrefabInstance: {fileID: 7246571122716677105}
  m_PrefabAsset: {fileID: 0}
--- !u!114 &2777016595721282896 stripped
MonoBehaviour:
  m_CorrespondingSourceObject: {fileID: 4762855585638348449, guid: 9d097efa20af14043962437ed1715843,
    type: 3}
  m_PrefabInstance: {fileID: 7246571122716677105}
  m_PrefabAsset: {fileID: 0}
  m_GameObject: {fileID: 0}
  m_Enabled: 1
  m_EditorHideFlags: 0
  m_Script: {fileID: 11500000, guid: 3f8d658c1ec7115488c8c0364075a979, type: 3}
  m_Name: 
  m_EditorClassIdentifier: 
